@article{zanella2020informed,
  title={Informed proposals for local MCMC in discrete spaces},
  author={Zanella, Giacomo},
  journal={Journal of the American Statistical Association},
  volume={115},
  number={530},
  pages={852--865},
  year={2020},
  publisher={Taylor \& Francis}
}

@inproceedings{grathwohl2021oops,
  title={Oops i took a gradient: Scalable sampling for discrete distributions},
  author={Grathwohl, Will and Swersky, Kevin and Hashemi, Milad and Duvenaud, David and Maddison, Chris},
  booktitle={International Conference on Machine Learning},
  pages={3831--3841},
  year={2021},
  organization={PMLR}
}